@Manual{R-base,
  title = {R: A Language and Environment for Statistical
    Computing},
  author = {{R Core Team}},
  organization = {R Foundation for Statistical Computing},
  address = {Vienna, Austria},
  year = {2024},
  url = {https://www.R-project.org/},
}

@Manual{R-DiagrammeR,
  title = {DiagrammeR: Graph/Network Visualization},
  author = {Richard Iannone and Olivier Roy},
  year = {2024},
  note = {R package version 1.0.11,
    https://github.com/rich-iannone/DiagrammeR},
  url = {https://rich-iannone.github.io/DiagrammeR/},
}

@Manual{R-DiagrammeRsvg,
  title = {DiagrammeRsvg: Export DiagrammeR Graphviz Graphs
    as SVG},
  author = {Richard Iannone},
  year = {2016},
  note = {R package version 0.1},
  url = {https://github.com/rich-iannone/DiagrammeRsvg},
}

@Manual{R-dplyr,
  title = {dplyr: A Grammar of Data Manipulation},
  author = {Hadley Wickham and Romain François and Lionel
    Henry and Kirill Müller and Davis Vaughan},
  year = {2023},
  note = {R package version 1.1.4},
  url = {https://dplyr.tidyverse.org},
}

@Manual{R-ggplot2,
  title = {ggplot2: Create Elegant Data Visualisations
    Using the Grammar of Graphics},
  author = {Hadley Wickham and Winston Chang and Lionel
    Henry and Thomas Lin Pedersen and Kohske Takahashi and
    Claus Wilke and Kara Woo and Hiroaki Yutani and Dewey
    Dunnington and Teun {van den Brand}},
  year = {2024},
  note = {R package version 3.5.1,
    https://github.com/tidyverse/ggplot2},
  url = {https://ggplot2.tidyverse.org},
}

@Manual{R-kableExtra,
  title = {kableExtra: Construct Complex Table with kable
    and Pipe Syntax},
  author = {Hao Zhu},
  year = {2024},
  note = {R package version 1.4.0,
    https://github.com/haozhu233/kableExtra},
  url = {http://haozhu233.github.io/kableExtra/},
}

@Manual{R-knitr,
  title = {knitr: A General-Purpose Package for Dynamic
    Report Generation in R},
  author = {Yihui Xie},
  year = {2024},
  note = {R package version 1.46},
  url = {https://yihui.org/knitr/},
}

@Manual{R-lubridate,
  title = {lubridate: Make Dealing with Dates a Little
    Easier},
  author = {Vitalie Spinu and Garrett Grolemund and Hadley
    Wickham},
  year = {2023},
  note = {R package version 1.9.3,
    https://github.com/tidyverse/lubridate},
  url = {https://lubridate.tidyverse.org},
}

@Manual{R-patchwork,
  title = {patchwork: The Composer of Plots},
  author = {Thomas Lin Pedersen},
  year = {2024},
  note = {R package version 1.2.0,
    https://github.com/thomasp85/patchwork},
  url = {https://patchwork.data-imaginist.com},
}

@Manual{R-RColorBrewer,
  title = {RColorBrewer: ColorBrewer Palettes},
  author = {Erich Neuwirth},
  year = {2022},
  note = {R package version 1.1-3},
  url = {https://CRAN.R-project.org/package=RColorBrewer},
}

@Manual{R-reshape2,
  title = {reshape2: Flexibly Reshape Data: A Reboot of the
    Reshape Package},
  author = {Hadley Wickham},
  year = {2020},
  note = {R package version 1.4.4},
  url = {https://github.com/hadley/reshape},
}

@Manual{R-terra,
  title = {terra: Spatial Data Analysis},
  author = {Robert J. Hijmans},
  year = {2024},
  note = {R package version 1.7-71},
  url = {https://rspatial.org/},
}

@Manual{R-waterquality,
  title = {waterquality: Satellite Derived Water Quality
    Detection Algorithms},
  author = {Richard Johansen and Jakub Nowosad and Molly
    Reif and Erich Emery},
  year = {2023},
  note = {R package version 1.0.0},
  url = {https://github.com/RAJohansen/waterquality},
}

@Book{ggplot22016,
  author = {Hadley Wickham},
  title = {ggplot2: Elegant Graphics for Data Analysis},
  publisher = {Springer-Verlag New York},
  year = {2016},
  isbn = {978-3-319-24277-4},
  url = {https://ggplot2.tidyverse.org},
}

@Book{knitr2015,
  title = {Dynamic Documents with {R} and knitr},
  author = {Yihui Xie},
  publisher = {Chapman and Hall/CRC},
  address = {Boca Raton, Florida},
  year = {2015},
  edition = {2nd},
  note = {ISBN 978-1498716963},
  url = {https://yihui.org/knitr/},
}

@InCollection{knitr2014,
  booktitle = {Implementing Reproducible Computational
    Research},
  editor = {Victoria Stodden and Friedrich Leisch and Roger
    D. Peng},
  title = {knitr: A Comprehensive Tool for Reproducible
    Research in {R}},
  author = {Yihui Xie},
  publisher = {Chapman and Hall/CRC},
  year = {2014},
  note = {ISBN 978-1466561595},
}

@Article{lubridate2011,
  title = {Dates and Times Made Easy with {lubridate}},
  author = {Garrett Grolemund and Hadley Wickham},
  journal = {Journal of Statistical Software},
  year = {2011},
  volume = {40},
  number = {3},
  pages = {1--25},
  url = {https://www.jstatsoft.org/v40/i03/},
}

@Article{reshape22007,
  title = {Reshaping Data with the {reshape} Package},
  author = {Hadley Wickham},
  journal = {Journal of Statistical Software},
  year = {2007},
  volume = {21},
  number = {12},
  pages = {1--20},
  url = {http://www.jstatsoft.org/v21/i12/},
}
@Manual{R-rsi,
  title = {rsi: Efficiently Retrieve and Process Satellite Imagery},
  author = {Michael Mahoney},
  year = {2024},
  note = {R package version 0.2.0, https://permian-global-research.github.io/rsi/},
  url = {https://github.com/Permian-Global-Research/rsi},
}
