@book{lovelace_geocomputation_2019,
  title = {Geocomputation with {{R}}},
  isbn = {1-138-30451-4},
  abstract = {Book on geographic data with R.},
  publisher = {{CRC Press}},
  author = {Lovelace, Robin and Nowosad, Jakub and Muenchow, Jannes},
  year = {2019}
}
@article{hugo2011future,
  title={Future demographic change and its interactions with migration and climate change},
  author={Hugo, Graeme},
  journal={Global Environmental Change},
  volume={21},
  pages={S21--S33},
  year={2011},
  publisher={Elsevier}
}
@article{mcgranahan2007rising,
  title={The rising tide: assessing the risks of climate change and human settlements in low elevation coastal zones},
  author={McGranahan, Gordon and Balk, Deborah and Anderson, Bridget},
  journal={Environment and urbanization},
  volume={19},
  number={1},
  pages={17--37},
  year={2007},
  publisher={SAGE Publications Sage UK: London, England}
}
@article{seto2011meta,
  title={A meta-analysis of global urban land expansion},
  author={Seto, Karen C and Fragkias, Michail and G{\"u}neralp, Burak and Reilly, Michael K},
  journal={PloS one},
  volume={6},
  number={8},
  pages={e23777},
  year={2011},
  publisher={Public Library of Science San Francisco, USA}
}
@book{ven1993man,
  title={Man-made lowlands: history of water management and land reclamation in the Netherlands.},
  author={Ven, GP van de},
  year={1993}
}
@article{hoeksema2007three,
  title={Three stages in the history of land reclamation in the Netherlands},
  author={Hoeksema, Robert J},
  journal={Irrigation and Drainage: The Journal of the International Commission on Irrigation and Drainage},
  volume={56},
  number={S1},
  pages={S113--S126},
  year={2007},
  publisher={Wiley Online Library}
}
@article{martin2016review,
  title={Review of coastal land reclamation situation in the world},
  author={Mart{\'\i}n-Ant{\'o}n, Mario and Negro, Vicente and del Campo, Jos{\'e} Mar{\'\i}a and L{\'o}pez-Guti{\'e}rrez, Jos{\'e} Santos and Esteban, M Dolores},
  journal={Journal of Coastal Research},
  number={75},
  pages={667--671},
  year={2016},
  publisher={Coastal Education and Research Foundation}
}
@article{sengupta2018building,
  title={Building beyond land: An overview of coastal land reclamation in 16 global megacities},
  author={Sengupta, Dhritiraj and Chen, Ruishan and Meadows, Michael E},
  journal={Applied geography},
  volume={90},
  pages={229--238},
  year={2018},
  publisher={Elsevier}
}
@article{wenzel2007megacities,
  title={Megacities--megarisks},
  author={Wenzel, Friedemann and Bendimerad, Fouad and Sinha, Ravi},
  journal={Natural Hazards},
  volume={42},
  pages={481--491},
  year={2007},
  publisher={Springer}
}
@book{summers2020water,
  title={Water Quality: Science, Assessments and Policy},
  author={Summers, J Kevin},
  year={2020},
  publisher={BoD--Books on Demand}
}
@article{glasgow2004real,
  title={Real-time remote monitoring of water quality: a review of current applications, and advancements in sensor, telemetry, and computing technologies},
  author={Glasgow, Howard B and Burkholder, JoAnn M and Reed, Robert E and Lewitus, Alan J and Kleinman, Joseph E},
  journal={Journal of experimental marine biology and ecology},
  volume={300},
  number={1-2},
  pages={409--448},
  year={2004},
  publisher={Elsevier}
}
@book{notteboom2022port,
  title={Port economics, management and policy},
  author={Notteboom, Theo and Pallis, Athanasios and Rodrigue, Jean-Paul},
  year={2022},
  publisher={Routledge}
}
@article{shi2016new,
  title={New city planning and construction in Shanghai: retrospective and prospective},
  author={Shi, Yishao and Chen, Yongjian},
  journal={International Journal of Urban Sciences},
  volume={20},
  number={1},
  pages={49--72},
  year={2016},
  publisher={Taylor \& Francis}
}
@techreport{desaunited,
  title={United Nations Department of Economic and Social Affairs, Population Division. 2022. World Population Prospects 2022: Summary of Results},
  author={DESA, UN},
  institution={UN DESA/POP/2022/TR}
}
@article{gibling2013construction,
  title={Construction process and post-construction impacts of the Palm Jumeirah in Dubai, United Arab Emirates},
  author={Gibling, Colin},
  journal={Proto-Type},
  volume={1},
  year={2013}
}
@article{gupta2015futures,
  title={Futures, fakes and discourses of the gigantic and miniature in ‘The World’islands, Dubai},
  author={Gupta, Pamila},
  journal={Island Studies Journal},
  volume={10},
  number={2},
  pages={181--196},
  year={2015},
  publisher={Beewolf Press Limited}
}
@article{arulrajah2009instrumentation,
  title={Instrumentation at Changi land reclamation project, Singapore},
  author={Arulrajah, Arul and Bo, Myint Win and Chu, Jian and Nikraz, Hamid},
  journal={Proceedings of the Institution of Civil Engineers-Geotechnical Engineering},
  volume={162},
  number={1},
  pages={33--40},
  year={2009},
  publisher={Thomas Telford Ltd}
}
@article{phang2003strategic,
  title={Strategic development of airport and rail infrastructure: the case of Singapore},
  author={Phang, Sock-Yong},
  journal={Transport Policy},
  volume={10},
  number={1},
  pages={27--33},
  year={2003},
  publisher={Elsevier}
}
@techreport{omotosho2013new,
  title={New Cities and Real Estate Markets-A focus on the Eko Atlantic City Project},
  author={Omotosho, Jimmy},
  year={2013},
  institution={African Real Estate Society (AfRES)}
}
@inproceedings{van2012lagos,
  title={The Lagos coast--Investigation of the long-term morphological impact of the Eko Atlantic City project},
  author={Van Bentum, KM and Hoyng, CW and van Ledden, Mathijs and Luijendijk, Arjen P and Stive, MJF},
  booktitle={NCK-Days 2012: Crossing borders in coastal research},
  year={2012},
  organization={University of Twente}
}
